%%%%%%%%%%%%%%% A %%%%%%%%%%%%%%%

@book{ahrens2005handbook,
  title={Handbook of epidemiology},
  author={Ahrens, Wolfgang and Pigeot, Iris},
  year={2005},
  publisher={Springer}
}

@article{amanfo2016seroepidemiology,
  title={Seroepidemiology of Plasmodium species infections in Zimbabwean population},
  author={Amanfo, Seth and Mduluza, Takafira and Midzi, Nicholas and Cavanagh, David and Mutapi, Francisca},
  journal={Malaria Journal},
  volume={15},
  number={1},
  pages={267},
  year={2016},
  publisher={BioMed Central}
}

@article{anderson1985herd,
  title={Herd immunity to helminth infection and implications for parasite control},
  author={Anderson, R. and May, R.},
  journal={Nature},
  volume={315},
  number={6019},
  pages={493},
  year={1985},
  publisher={Nature Publishing Group}
}

@book{andersson2012stochastic,
  title={Stochastic epidemic models and their statistical analysis},
  author={Andersson, Hakan and Britton, Tom},
  volume={151},
  year={2012},
  publisher={Springer Science \& Business Media},
  edition={1st}
}

@article{anthony2012global,
  title={The global pipeline of new medicines for the control and elimination of malaria},
  author={Anthony, Melinda and Burrows, Jeremy and Duparc, Stephan and JMoehrle, Joerg and Wells, Timothy},
  journal={Malaria Journal},
  volume={11},
  number={1},
  pages={316},
  year={2012},
  publisher={BioMed Central}
}

@article{auburn2017dissecting,
  title={Dissecting malaria biology and epidemiology using population genetics and genomics},
  author={Auburn, Sarah and Barry, Alyssa},
  journal={International journal for parasitology},
  volume={47},
  number={2-3},
  pages={77--85},
  year={2017},
  publisher={Elsevier}
}

@article{arnold2017measuring,
  title={Measuring changes in transmission of neglected tropical diseases, malaria, and enteric pathogens from quantitative antibody levels},
  author={Arnold, Benjamin and van der Laan, Mark and Hubbard, Alan and Steel, Cathy and Kubofcik, Joseph and Hamlin, Katy and Moss, Delynn and Nutman, Thomas and Priest, Jeffrey and Lammie, Patrick},
  journal={PLoS neglected tropical diseases},
  volume={11},
  number={5},
  pages={e0005616},
  year={2017},
  publisher={Public Library of Science}
}

@article{ashley2014duration,
  title={The duration of \textit{Plasmodium falciparum} infections},
  author={Ashley, Elizabeth and White, Nicholas},
  journal={Malaria Journal},
  volume={13},
  number={1},
  pages={500},
  year={2014},
  publisher={BioMed Central}
}



%%%%%%%%%%%%%%% B %%%%%%%%%%%%%%%

@article{baird1995hostage,
  title={Host age as a determinant of naturally acquired immunity to \textit{Plasmodium falciparum}},
  author={Baird, J. Kevin},
  journal={Parasitology today},
  volume={11},
  number={3},
  pages={105--111},
  year={1995},
  publisher={Elsevier}
}

@article{baird1998age,
  title={Age-dependent susceptibility to severe disease with primary exposure to \textit{Plasmodium falciparum}},
  author={Baird, J Kevin and Masbar, Sofyan and Basri, Hasan and Tirtokusumo, Soekartono and Subianto, Budi and Hoffman, Stephen L},
  journal={The Journal of Infectious Diseases},
  volume={178},
  number={2},
  pages={592--595},
  year={1998},
  publisher={The University of Chicago Press}
}

@article{beier1998malaria,
  title={Malaria parasite development in mosquitoes},
  author={Beier, John},
  journal={Annual review of entomology},
  volume={43},
  number={1},
  pages={519--543},
  year={1998},
  publisher={Annual Reviews 4139 El Camino Way, PO Box 10139, Palo Alto, CA 94303-0139, USA}
}

@article{bhatt2015effect,
  title={The effect of malaria control on \textit{Plasmodium falciparum} in Africa between 2000 and 2015},
  author={Bhatt, Samir and Weiss, DJ and Cameron, E and Bisanzio, D and Mappin, B and Dalrymple, U and Battle, KE and Moyes, CL and Henry, A and Eckhoff, PA and others},
  journal={Nature},
  volume={526},
  number={7572},
  pages={207},
  year={2015},
  publisher={Nature Publishing Group}
}

@article{biggs2017serology,
  title={Serology reveals heterogeneity of \textit{Plasmodium falciparum} transmission in northeastern South Africa: implications for malaria elimination},
  author={Biggs, Joseph and Raman, Jaishree and Cook, Jackie and Hlongwana, Khumbulani and Drakeley, Chris and Morris, Natashia and Serocharan, Ishen and Agubuzo, Eunice and Kruger, Philip and Mabuza, Aaron and others},
  journal={Malaria Journal},
  volume={16},
  number={1},
  pages={48},
  year={2017},
  publisher={BioMed Central}
}

@article{binka1995risk,
  title={Risk factors for child mortality in northern Ghana: a case-control study},
  author={Binka, Fred and Maude, Gillian and Gyapong, Margaret and Ross, David and Smith, Peter},
  journal={International Journal of Epidemiology},
  volume={24},
  number={1},
  pages={127--135},
  year={1995},
  publisher={Oxford University Press}
}

@article{birnbaum1962foundations,
  title={On the foundations of statistical inference},
  author={Birnbaum, Allan},
  journal={Journal of the American Statistical Association},
  volume={57},
  number={298},
  pages={269--306},
  year={1962},
  publisher={Taylor \& Francis}
}

@article{bodker2003relationship,
  title={Relationship between altitude and intensity of malaria transmission in the Usambara Mountains, Tanzania},
  author={B{\o}dker, Rene and Akida, J and Shayo, D and Kisinza, W and Msangeni, HA and Pedersen, EM and Lindsay, SW},
  journal={Journal of Medical Entomology},
  volume={40},
  number={5},
  pages={706--717},
  year={2003},
  publisher={BioOne}
}

@article{bodker2006relationship,
  title={Relationship between the intensity of exposure to malaria parasites and infection in the Usambara Mountains, Tanzania},
  author={B{\o}dker, Rene and Msangeni, Hamisi A and Kisinza, William and Lindsay, Steve W},
  journal={The American Journal of Tropical Medicine and Hygiene},
  volume={74},
  number={5},
  pages={716--723},
  year={2006},
  publisher={ASTMH}
}

@article{bosomprah2014mathematical,
  title={A mathematical model of seropositivity to malaria antigen, allowing seropositivity to be prolonged by exposure},
  author={Bosomprah, Samuel},
  journal={Malaria Journal},
  volume={13},
  number={1},
  pages={12},
  year={2014},
  publisher={BioMed Central}
}

@article{bousema2010revisiting,
  title={Revisiting the circulation time of \textit{Plasmodium falciparum} gametocytes: molecular detection methods to estimate the duration of gametocyte carriage and the effect of gametocytocidal drugs},
  author={Bousema, Teun and Okell, Lucy and Shekalaghe, Seif and Griffin, Jamie and Omar, Sabah and Sawa, Patrick and Sutherland, Colin and Sauerwein, Robert and Ghani, Azra and Drakeley, Chris},
  journal={Malaria Journal},
  volume={9},
  number={1},
  pages={136},
  year={2010},
  publisher={BioMed Central}
}

@article{bousema2010serologic,
  title={Serologic markers for detecting malaria in areas of low endemicity, Somalia, 2008},
  author={Bousema, Teun and Youssef, Randa and Cook, Jackie and Cox, Jonathan and Alegana, Victor and Amran, Jamal and Noor, Abdisalan and Snow, Robert and Drakeley, Chris},
  journal={Emerging Infectious Diseases},
  volume={16},
  number={3},
  pages={392--399},
  year={2010},
  publisher={Centers for Disease Control and Prevention}
}

@book{box2005statistics,
  title={Statistics for experimenters: design, innovation, and discovery},
  year={2005},
  author={Box, George and Hunter, Stuart and Hunter, William},
  edition={2nd},
  page={440},
  publisher={Wiley-Interscience New York}
}

@book{brauer2012mathematical,
  title={Mathematical models in population biology and epidemiology},
  year={2012},
  author={Brauer, Fred and Castillo-Chavez, Carlos},
  volume={40},
  edition={2nd},
  publisher={Springer}
}

@article{bruce1973seroepidemiological,
  title={Seroepidemiological evidence of eradication of malaria from Mauritius},
  author={Bruce-Chwatt, Leonard and Draper, C. and Konfortion, P},
  journal={The Lancet},
  volume={302},
  number={7828},
  pages={547--551},
  year={1973},
  publisher={Elsevier}
}



%%%%%%%%%%%%%%% C %%%%%%%%%%%%%%%
@article{cameron2015defining,
  title={Defining the relationship between infection prevalence and clinical incidence of \textit{Plasmodium falciparum} malaria},
  author={Cameron, Ewan and Battle, Katherine and Bhatt, Samir and Weiss, Daniel and Bisanzio, Donal and Mappin, Bonnie and Dalrymple, Ursula and Hay, Simon and Smith, David and Griffin, Jamie and Wenger, Edward and Eckhoff, Philip and Smith, Thomas and Penny, Melissa and Gething, Peter},
  journal={Nature Communications},
  volume={6},
  pages={8170},
  year={2015},
  publisher={Nature Publishing Group}
}

@book{casella2002statistical,
  title={Statistical inference},
  author={Casella, George and Berger, Roger},
  edition={2nd},
  year={2002},
  publisher={Duxbury Pacific Grove, CA}
}

@article{carneiro2010age,
  title={Age patterns of malaria vary with severity, transmission intensity and seasonality in sub-Saharan Africa: a systematic review and pooled analysis},
  author={Carneiro, Ilona and Roca-Feltrer, Arantxa and Griffin, Jamie and Smith, Lucy and Tanner, Marcel and Schellenberg, Joanna and Greenwood, Brian and Schellenberg, David},
  journal={PLoS ONE},
  volume={5},
  number={2},
  pages={e8988},
  year={2010},
  publisher={Public Library of Science}
}

@article{capanna2006grassi,
  title={Grassi versus Ross: who solved the riddle of malaria?},
  author={Capanna, Ernesto},
  journal={International Microbiology},
  volume={9},
  number={1},
  pages={69--74},
  year={2006},
  publisher={SciELO Espana}
}

@article{carter2002evolutionary,
  title={Evolutionary and historical aspects of the burden of malaria},
  author={Carter, Richard and Mendis, Kamini},
  journal={Clinical Microbiology Reviews},
  volume={15},
  number={4},
  pages={564--594},
  year={2002},
  publisher={Am Soc Microbiol}
}

@article{chan2012targets,
  title={Targets of antibodies against \textit{Plasmodium falciparum}--infected erythrocytes in malaria immunity},
  author={Chan, Jo-Anne and Howell, Katherine B and Reiling, Linda and Ataide, Ricardo and Mackintosh, Claire L and Fowkes, Freya JI and Petter, Michaela and Chesson, Joanne M and Langer, Christine and Warimwe, George M and others},
  journal={The Journal of clinical investigation},
  volume={122},
  number={9},
  pages={3227--3238},
  year={2012},
  publisher={Am Soc Clin Investig}
}

@article{cohen2010absolute,
  title={How absolute is zero? An evaluation of historical and current definitions of malaria elimination},
  author={Cohen, Justin M and Moonen, Bruno and Snow, Robert W and Smith, David L},
  journal={Malaria Journal},
  volume={9},
  number={1},
  pages={213},
  year={2010},
  publisher={BioMed Central}
}

@book{collet2003modelling,
  title={Modelling Binary Data},
  author={Collet, David},
  year={2003},
  publisher={Chapman \& Hall},
  edition={2nd}
}

@article{cook2010using,
  title={Using serological measures to monitor changes in malaria transmission in Vanuatu},
  author={Cook, Jackie and Reid, Heidi and Iavro, Jennifer and Kuwahata, Melissa and Taleo, George and Clements, Archie and McCarthy, James and Vallely, Andrew and Drakeley, Chris},
  journal={Malaria Journal},
  volume={9},
  number={1},
  pages={169},
  year={2010},
  publisher={BioMed Central}
}

@article{cook2011serological,
  title={Serological markers suggest heterogeneity of effectiveness of malaria control interventions on Bioko Island, equatorial Guinea},
  author={Cook, Jackie and Kleinschmidt, Immo and Schwabe, Christopher and Nseng, Gloria and Bousema, Teun and Corran, Patrick, and Riley, Eleanor, and Drakeley, Chris},
  journal={PLoS ONE},
  volume={6},
  number={9},
  pages={e25137},
  year={2011},
  publisher={Public Library of Science}
}

@article{corran2007serology,
    title={Serology: a robust indicator of malaria transmission intensity?},
    author={Corran, Patrick and Coleman, Paul and Riley, Eleanor and Drakeley, Chris},
    journal={Trends in Parasitology},
    volume={23},
    number={12},
    pages={575--582},
    year={2007},
    publisher={Elsevier}
}

@article{cowman2016malaria,
  title={Malaria: biology and disease},
  author={Cowman, Alan F and Healer, Julie and Marapana, Danushka and Marsh, Kevin},
  journal={Cell},
  volume={167},
  number={3},
  pages={610--624},
  year={2016},
  publisher={Elsevier}
}

@article{cressie1984multinomial,
  title={Multinomial goodness-of-fit tests},
  author={Cressie, Noel and Read, Timothy},
  journal={Journal of the Royal Statistical Society. Series B (Methodological)},
  pages={440--464},
  year={1984},
  volume={46},
  number={3}
  publisher={JSTOR}
}

@article{cunha2014serologically,
  title={Serologically defined variations in malaria endemicity in Par{\'a} state, Brazil},
  author={Cunha, Maristela and Silva, Eliane and Sep{\'u}lveda, Nuno and Costa, Sheyla and Saboia, Tiago and Guerreiro, Jo{\~a}o and P{\'o}voa, Marinete and Corran, Patrick and Riley, Eleanor and Drakeley, Chris},
  journal={PLoS ONE},
  volume={9},
  number={11},
  pages={e113357},
  year={2014},
  publisher={Public Library of Science}
}

@article{cunnington2013piecing,
  title={Piecing together the puzzle of severe malaria},
  author={Cunnington, Aubrey J and Walther, Michael and Riley, Eleanor M},
  journal={Science translational medicine},
  volume={5},
  number={211},
  pages={211ps18--211ps18},
  year={2013},
  publisher={American Association for the Advancement of Science}
}

@article{craig1999climate,
  title={A climate-based distribution model of malaria transmission in sub-Saharan Africa},
  author={Craig, Marlies H and Snow, RW and le Sueur, David},
  journal={Parasitology today},
  volume={15},
  number={3},
  pages={105--111},
  year={1999},
  publisher={Elsevier}
}



%%%%%%%%%%%%%%% D %%%%%%%%%%%%%%%

@article{delgado2011history,
  title={A history of chagas disease transmission, control, and re-emergence in peri-rural La Joya, Peru},
  author={Delgado, Stephen and Neyra, Ricardo Castillo and Machaca, V{\'\i}ctor R Quispe and Ju{\'a}rez, Jenny Ancca and Chu, Lily Chou and Verastegui, Manuela Renee and Apaza, Giovanna M Moscoso and Boc{\'a}ngel, C{\'e}sar D and Tustin, Aaron W and Sterling, Charles R and others},
  journal={PLoS neglected tropical diseases},
  volume={5},
  number={2},
  pages={e970},
  year={2011},
  publisher={Public Library of Science}
}

@article{dent2012broadly,
  title={Broadly reactive antibodies specific for \textit{Plasmodium falciparum} MSP-1 19 are associated with the protection of naturally exposed children against infection},
  author={Dent, Arlene E and Moormann, Ann M and Yohn, Christopher T and Kimmel, Rhonda J and Sumba, Peter O and Vulule, John and Long, Carole A and Narum, David L and Crabb, Brendan S and Kazura, James W and others},
  journal={Malaria Journal},
  volume={11},
  number={1},
  pages={287},
  year={2012},
  publisher={BioMed Central}
}

@article{dewasurendra2017effectiveness,
  title={Effectiveness of a serological tool to predict malaria transmission intensity in an elimination setting},
  author={Dewasurendra, Rajika and Dias, Janaka and Sepúlveda, Nuno and Gunawardena, Geethika and Chandrasekharan, Naduviladath and Drakeley, Chris and Karunaweera, Nadira},
  journal={BMC Infectious Diseases},
  volume={17},
  number={1},
  pages={49},
  year={2017},
  publisher={BioMed Central}
}

@book{doolan2002malaria,
  title={Malaria methods and protocols},
  author={Doolan, Denise},
  volume={72},
  year={2002},
  publisher={Springer Science \& Business Media},
  edition={1st}
}

@article{drakeley2005altitude,
  title={Altitude-dependent and -independent variations in \textit{Plasmodium falciparum} prevalence in northeastern Tanzania},
  author={Drakeley, Chris and Carneiro, Ilona and Reyburn, Hugh and Malima, Robert and Lusingu, John and Cox, Jonathan and Theander, Thor and Nkya, Watoky and Lemnge, Martha and Riley, Eleanor},
  journal={The Journal of Infectious Diseases},
  volume={191},
  number={10},
  pages={1589--1598},
  year={2005},
  publisher={The University of Chicago Press}
}

@article{drakeley2005estimating,
  title={Estimating medium- and long-term trends in malaria transmission by using serological markers of malaria exposure},
  author={Drakeley, C. and Corran, P. and Coleman, P. and Tongren, J. and McDonald, S. and Carneiro, I. and Malima, R. and Lusingu, J. and Manjurano, A. and Nkya, W. and Lemnge, M. and Cox, J. and Reyburn, H. and Riley, E.},
  journal={Proceedings of the National Academy of Sciences},
  volume={102},
  number={14},
  pages={5108--5113},
  year={2005},
  publisher={National Academy Sciences}
}



%%%%%%%%%%%%%%% E %%%%%%%%%%%%%%%

@article{edmunds2000sero,
  title={The sero-epidemiology of diphtheria in Western Europe},
  author={Edmunds, WJ and Pebody, RG and Aggerback, H and Baron, S and Berbers, G and Conyn-van Spaendonck, MAE and Hallander, HO and Olander, R and Maple, PAC and De Melker, HE and others},
  journal={Epidemiology \& Infection},
  volume={125},
  number={1},
  pages={113--125},
  year={2000},
  publisher={Cambridge University Press}
}

@article{elliott2008estimating,
  title={Estimating the burden of global mortality in children aged< 5 years by pathogen-specific causes},
  author={Elliott, Salenna R and Beeson, James G},
  journal={Clinical infectious diseases},
  volume={46},
  number={11},
  pages={1794--1795},
  year={2008},
  publisher={The University of Chicago Press}
}

@article{enevold2007associations,
  title={Associations between $\alpha$+-thalassemia and \textit{Plasmodium falciparum} malarial infection in northeastern Tanzania},
  author={Enevold, Anders and Alifrangis, Michael and Sanchez, Juan and Carneiro, Ilona and Roper, Cally and B{\o}rsting, Claus and Lusingu, John and Vestergaard, Lasse and Lemnge, Martha and Morling, Niels and Riley, E. and Drakeley, C.},
  journal={The Journal of Infectious Diseases},
  volume={196},
  number={3},
  pages={451--459},
  year={2007},
  publisher={The University of Chicago Press}
}



%%%%%%%%%%%%%%% F %%%%%%%%%%%%%%%

@article{folegatti2017systematic,
  title={A systematic review on malaria sero-epidemiology studies in the Brazilian Amazon: insights into immunological markers for exposure and protection},
  author={Folegatti, Pedro M and Siqueira, Andr{\'e} M and Monteiro, Wuelton M and Lacerda, Marcus Vin{\'\i}cius G and Drakeley, Chris J and Braga, {\'E}rika M},
  journal={Malaria Journal},
  volume={16},
  number={1},
  pages={107},
  year={2017},
  publisher={BioMed Central}
}



%%%%%%%%%%%%%%% G %%%%%%%%%%%%%%%

@article{gething2014declining,
  title={Declining malaria in Africa: improving the measurement of progress},
  author={Gething, Peter W and Battle, Katherine E and Bhatt, Samir and Smith, David L and Eisele, Thomas P and Cibulskis, Richard E and Hay, Simon I},
  journal={Malaria Journal},
  volume={13},
  number={1},
  pages={39},
  year={2014},
  publisher={BioMed Central}
}

@article{gillespie1988serology,
  title={Is serology helpful in the diagnosis of malaria?},
  author={Gillespie, SH and Chiodini, PL},
  journal={Serodiagnosis and immunotherapy in infectious disease},
  volume={2},
  number={3},
  pages={157--160},
  year={1988},
  publisher={Elsevier}
}

@article{grassly2008mathematical,
  title={Mathematical models of infectious disease transmission},
  author={Grassly, Nicholas C and Fraser, Christophe},
  journal={Nature Reviews Microbiology},
  volume={6},
  number={6},
  pages={477},
  year={2008},
  publisher={Nature Publishing Group}
}

@article{gupta1994antigenic,
  title={Antigenic diversity and the transmission dynamics of \textit{Plasmodium falciparum}},
  author={Gupta, Sunetra and Trenholme, Katharine and Anderson, Roy M and Day, Karen P},
  journal={Science},
  volume={263},
  number={5149},
  pages={961--963},
  year={1994},
  publisher={American Association for the Advancement of Science}
}



%%%%%%%%%%%%%%% H %%%%%%%%%%%%%%%

@article{hales2003climate,
  title={Climate change will increase demands on malaria control in Africa},
  author={Hales, Simon and Woodward, Alistair},
  journal={The Lancet},
  volume={362},
  number={9398},
  pages={1775},
  year={2003},
  publisher={Elsevier}
}

@article{hanley2003statistical,
  title={Statistical analysis of correlated data using generalized estimating equations: an orientation},
  author={Hanley, James and Negassa, Abdissa and Michael, Edwardes and Forrester, Janet},
  journal={American Journal of Epidemiology},
  volume={157},
  number={4},
  pages={364--375},
  year={2003},
  publisher={Oxford University Press}
}

@article{harris2010large,
  title={A large proportion of asymptomatic Plasmodium infections with low and sub-microscopic parasite densities in the low transmission setting of Temotu Province, Solomon Islands: challenges for malaria diagnostics in an elimination setting},
  author={Harris, Ivor and Sharrock, Wesley W and Bain, Lisa M and Gray, Karen-Ann and Bobogare, Albino and Boaz, Leonard and Lilley, Ken and Krause, Darren and Vallely, Andrew and Johnson, Marie-Louise and others},
  journal={Malaria Journal},
  volume={9},
  number={1},
  pages={254},
  year={2010},
  publisher={BioMed Central}
}

@article{hay2008measuring,
  title={Measuring malaria endemicity from intense to interrupted transmission},
  author={Hay, Simon and Smith, David and Snow, Robert},
  journal={The Lancet Infectious Diseases},
  volume={8},
  number={6},
  pages={369--378},
  year={2008},
  publisher={Elsevier}
}

@article{hens2010seventy,
  title={Seventy-five years of estimating the force of infection from current status data},
  author={Hens, Niel and AERTS, Marc and FAES, Christel and SHKEDY, Ziv and Lejeune, O and Van Damme, P and Beutels, P},
  journal={Epidemiology \& Infection},
  volume={138},
  number={6},
  pages={802--812},
  year={2010},
  publisher={Cambridge University Press}
}

@book{hens2012modeling,
  title={Modelling infectious disease parameters based on serological and social contact data: a modern statistical perspective},
  author={Hens, Niel and Shkedy, Ziv and Aerts, Marc and Faes, Christel and Van Damme, Pierre and Beutels, Philippe},
  volume={63},
  year={2012},
  publisher={Springer Science \& Business Media},
  edition={1st}
}

@book{hosmer2013applied,
  title={Applied logistic regression},
  author={Hosmer Jr, David and Lemeshow, Stanley and Sturdivant, Rodney},
  volume={398},
  year={2000},
  publisher={John Wiley \& Sons},
  edition={2nd}
}

@article{hubbard2010gee,
  title={To GEE or not to GEE: comparing population average and mixed models for estimating the associations between neighborhood risk factors and health},
  author={Hubbard, Alan and Ahern, Jennifer and Fleischer, Nancy and Van der Laan, Mark and Satariano, Sheri and Jewell, Nicholas and Bruckner, Tim and Satariano, William},
  journal={Epidemiology},
  pages={467--474},
  year={2010},
  volume={21},
  number={4},
  publisher={JSTOR}
}

@article{hunja2013feasibility,
  title={Feasibility study exploring the spatial distribution of \textit{Plasmodium falciparum}},
  author={Hunja, Carol Wangui},
  year={2013},
  publisher={The University of Edinburgh}
}



%%%%%%%%%%%%%%% I %%%%%%%%%%%%%%%

@article{iqbal1993serological,
  title={Serological diversity of antigens expressed on the surface of erythrocytes infected with \textit{Plasmodium falciparum}},
  author={Iqbal, Jamshaid and Perlmann, Peter and Berzins, Klavs},
  journal={Transactions of the Royal Society of Tropical Medicine and Hygiene},
  volume={87},
  number={5},
  pages={583--588},
  year={1993},
  publisher={Royal Society of Tropical Medicine and Hygiene}
}



%%%%%%%%%%%%%%% J %%%%%%%%%%%%%%%



%%%%%%%%%%%%%%% K %%%%%%%%%%%%%%%
@article{keeling2009mathematical,
  title={Mathematical modelling of infectious diseases.},
  author={Keeling, MJ and Danon, L},
  journal={British Medical Bulletin},
  volume={92},
  number={1},
  year={2009}
}

@article{keiding1991age,
  title={Age-specific incidence and prevalence: a statistical perspective},
  author={Keiding, Niels},
  journal={Journal of the Royal Statistical Society. Series A (Statistics in Society)},
  pages={371--412},
  year={1991},
  publisher={JSTOR}
}

@article{kitua2011conquering,
  title={Conquering malaria: Enhancing the impact of effective interventions towards elimination in the diverse and changing epidemiology},
  author={Kitua, A. and Ogundahunsi, O. and Lines, J. and Mgone, C.},
  journal={Journal of Global Infectious Diseases},
  volume={3},
  number={2},
  pages={161--165},
  year={2011},
  publisher={Medknow Publications \& Media Pvt. Ltd.}
}



%%%%%%%%%%%%%%% L %%%%%%%%%%%%%%%

@article{lindsay1996climate,
    title={Climate change and malaria transmission},
    author={Lindsay, S. and Birley, M.},
    publisher={Maney Publishing},
    journal={Annals of Tropical Medicine and Parasitology},
    year={1996},
    volume={90},
    number={5},
    pages={573--588}
}

@article{luxemburger1997epidemiology,
  title={The epidemiology of severe malaria in an area of low transmission in Thailand},
  author={Luxemburger, Christine and Ricci, Fran{\c{c}}oise and Nosten, Fran{\c{c}}ois and Raimond, Dominique and Bathet, Saw and White, Nicholas J},
  journal={Transactions of the Royal Society of Tropical Medicine and Hygiene},
  volume={91},
  number={3},
  pages={256--262},
  year={1997},
  publisher={Elsevier}
}



%%%%%%%%%%%%%%% M %%%%%%%%%%%%%%%

@article{macdonald1957epidemiology,
  title={The epidemiology and control of malaria.},
  author={Macdonald, George and others},
  journal={The Epidemiology and Control of Malaria.},
  year={1957},
  publisher={Oxford University Press}
}

@article{macdonald1964malaria,
  title={The malaria parasite rate and interruption of transmission},
  author={Macdonald, G and G{\"o}ckel, GW},
  journal={Bulletin of the World Health Organization},
  volume={31},
  number={3},
  pages={365},
  year={1964},
  publisher={World Health Organization}
}

@article{malera2011research,
  title={{A research agenda for malaria eradication: diagnoses and diagnostics}},
  author={malERA Consultative Group on Diagnoses and Diagnostics},
  journal={PLoS medicine},
  volume={8},
  number={1},
  pages={e1000396},
  year={2011},
  publisher={Public Library of Science San Francisco, USA}
}

@article{marsh1995indicators,
  title={Indicators of life-threatening malaria in African children},
  author={Marsh, Kevin and Forster, Dayo and Waruiru, Catherine and Mwangi, Isiah and Winstanley, Maria and Marsh, Victoria and Newton, Charles and Winstanley, Peter and Warn, Peter and Peshu, Norbert and Pasvol, Geoffrey and Snow, Robert},
  journal={New England Journal of Medicine},
  volume={332},
  number={21},
  pages={1399--1404},
  year={1995},
  publisher={Massachusetts Medical Society}
}

@book{mccullagh1989generalized,
  author = {McCullagh, P. and Nelder, J.},
  publisher = {Chapman \& Hall},
  series = {Chapman and Hall/CRC Monographs on Statistics and Applied Probability Series},
  timestamp = {2012-11-18T14:31:40.000+0100},
  title = {Generalized Linear Models},
  edition = {2nd}
  year = {1989}
}

@book{muench1959catalytic,
  author = {Muench, H.},
  publisher = {Harvard University Press},
  title = {Catalytic Models in Epidemiology},
  year = {1959},
  address = {Cambridge, Mass, USA}
}




%%%%%%%%%%%%%%% N %%%%%%%%%%%%%%%

@article{namata2007estimation,
  title={Estimation of the force of infection from current status data using generalized linear mixed models},
  author={Namata, Harriet and Shkedy, Ziv and Faes, Christel and Aerts, Marc and Molenberghs, Geert and Theeten, Heide and Van Damme, Pierre and Beutels, Philippe},
  journal={Journal of Applied Statistics},
  volume={34},
  number={8},
  pages={923--939},
  year={2007},
  publisher={Taylor \& Francis}
}

@article{nardone2007comparative,
  title={The comparative sero-epidemiology of varicella zoster virus in 11 countries in the European region},
  author={Nardone, A and De Ory, F and Carton, M and Cohen, D and Van Damme, P and Davidkin, I and Rota, MC and De Melker, H and Mossong, J and Slacikova, M and others},
  journal={Vaccine},
  volume={25},
  number={45},
  pages={7866--7872},
  year={2007},
  publisher={Elsevier}
}

@article{nkumama2017changes,
  title={Changes in malaria epidemiology in Africa and new challenges for elimination},
  author={Nkumama, Irene and O’Meara, Wendy and Osier, Faith},
  journal={Trends in Parasitology},
  volume={33},
  number={2},
  pages={128--140},
  year={2017},
  publisher={Elsevier}
}

@article{nelder1972glm,
  title={Generalized linear models.},
  author={Nelder, J. and Wedderburn, R.},
  journal={Journal of the Royal Statistical Society. Series A (Statistics in Society)},
  volume={135},
  number={3},
  pages={370--384},
  year={1972}
 }



%%%%%%%%%%%%%%% O %%%%%%%%%%%%%%%
@article{o2007parasite,
  title={Parasite prevalence: a static measure of dynamic infections},
  author={O’Meara, Wendy and Collins, William and McKenzie, F.},
  journal={The American Journal of Tropical Medicine and Hygiene},
  volume={77},
  number={2},
  pages={246--249},
  year={2007},
  publisher={ASTMH}
}

@article{ondigo2014estimation,
  title={Estimation of recent and long-term malaria transmission in a population by antibody testing to multiple \textit{Plasmodium falciparum} antigens},
  author={Ondigo, Bartholomew and Hodges, James and Ireland, Kathleen and Magak, Ng'wena and Lanar, David and Dutta, Sheetij and Narum, David and Park, Gregory and Ofulla, Ayub and John, Chandy},
  journal={The Journal of Infectious Diseases},
  volume={210},
  number={7},
  pages={1123--1132},
  year={2014},
  publisher={Oxford University Press}
}

@article{omeara2008effect,
  title={Effect of a fall in malaria transmission on morbidity and mortality in Kilifi, Kenya},
  author={O'Meara, Wendy P and Bejon, Phillip and Mwangi, Tabitha W and Okiro, Emelda A and Peshu, Norbert and Snow, Robert W and Newton, Charles RJC and Marsh, Kevin},
  journal={The lancet},
  volume={372},
  number={9649},
  pages={1555--1562},
  year={2008},
  publisher={Elsevier}
}



%%%%%%%%%%%%%%% P %%%%%%%%%%%%%%%

@book{perlmann2002malaria,
  title={Malaria immunology},
  author={Perlmann, Peter and Troye-Blomberg, Marita},
  volume={80},
  year={2002},
  publisher={Karger Medical and Scientific Publishers},
  edition={2nd}
}

@article{pigott2012funding,
  title={Funding for malaria control 2006--2010: a comprehensive global assessment},
  author={Pigott, David and Atun, Rifat and Moyes, Catherine and Hay, Simon and Gething, Peter},
  journal={Malaria Journal},
  volume={11},
  number={1},
  pages={246},
  year={2012},
  publisher={BioMed Central}
}



%%%%%%%%%%%%%%% Q %%%%%%%%%%%%%%%



%%%%%%%%%%%%%%% R %%%%%%%%%%%%%%%

@article{reddy2012high,
  title={High affinity antibodies to \textit{Plasmodium falciparum} merozoite antigens are associated with protection from malaria},
  author={Reddy, Sreenivasulu and Anders, Robin and Beeson, James and F{\"a}rnert, Anna and Kironde, Fred and Berenzon, Sharon and Wahlgren, Mats and Linse, Sara and Persson, Kristina},
  journal={PLoS ONE},
  volume={7},
  number={2},
  pages={e32242},
  year={2012},
  publisher={Public Library of Science}
}

@article{reiter2000shakespeare,
  title={From Shakespeare to Defoe: malaria in England in the Little Ice Age.},
  author={Reiter, Paul},
  journal={Emerging Infectious Diseases},
  volume={6},
  number={1},
  pages={1},
  year={2000},
  publisher={Centers for Disease Control and Prevention}
}

@article{roca2010age,
  title={The age patterns of severe malaria syndromes in sub-Saharan Africa across a range of transmission intensities and seasonality settings},
  author={Roca-Feltrer, Arantxa and Carneiro, Ilona and Smith, Lucy and Schellenberg, Joanna RM Armstrong and Greenwood, Brian and Schellenberg, David},
  journal={Malaria Journal},
  volume={9},
  number={1},
  pages={282},
  year={2010},
  publisher={BioMed Central}
}

@article{rogier2015multiple,
  title={Multiple comparisons analysis of serological data from an area of low \textit{Plasmodium falciparum} transmission},
  author={Rogier, Eric and Wiegand, Ryan and Moss, Delynn and Priest, Jeff and Angov, Evelina and Dutta, Sheetij and Journel, Ito and Jean, Samuel E and Mace, Kimberly and Chang, Michelle and others},
  journal={Malaria Journal},
  volume={14},
  number={1},
  pages={436},
  year={2015},
  publisher={BioMed Central}
}

@article{rosas2013assessing,
  title={Assessing malaria transmission in a low endemicity area of north-western Peru},
  author={Rosas-Aguirre, Angel and Llanos-Cuentas, Alejandro and Speybroeck, Niko and Cook, Jackie and Contreras-Mancilla, Juan and Soto, Veronica and Gamboa, Dionicia and Pozo, Edwar and Ponce, Oscar J and Pereira, Mayne O and others},
  journal={Malaria Journal},
  volume={12},
  number={1},
  pages={339},
  year={2013},
  publisher={BioMed Central}
}

@article{ross2006epidemiologic,
  title={An epidemiologic model of severe morbidity and mortality caused by \textit{Plasmodium falciparum}},
  author={Ross, Amanda and Maire, Nicolas and Molineaux, Louis and Smith, Thomas},
  journal={The American Journal of Tropical Medicine and Hygiene},
  volume={75},
  number={2\_suppl},
  pages={63--73},
  year={2006},
  publisher={ASTMH}
}

@article{ross1897observations,
  title={Observations on a condition necessary to the transformation of the malaria crescent},
  author={Ross, Ronald},
  journal={British Medical Journal},
  volume={1},
  number={1883},
  pages={251-255},
  year={1897},
  publisher={BMJ Publishing Group}
}

@article{ross1897some,
    title={On some peculiar pigmented cells found in two mosquitos fed on malarial blood},
    author={Ross, Ronald},
    journal={British Medical Journal},
    volume={2},
    number={1929},
    pages={1786--8},
    year={1897},
    publisher={BMJ Publishing Group}
}

@article{ross1911math,
    title	= {The Prevention of Malaria},
    author  = {Ross, Ronald},
    journal	= {Public Health},
    year	= {1911},
    volume	= {24},
    issue   = {none},
    pages	= {287},
    publisher = {Elsevier}
}

%%%%%%%%%%%%%%% S %%%%%%%%%%%%%%%

@article{sachs2002economic,
  title={The economic and social burden of malaria},
  author={Sachs, Jeffrey and Malaney, Pia},
  journal={Nature},
  volume={415},
  number={6872},
  pages={680--685},
  year={2002},
  publisher={Nature Publishing Group}
}

@article{sepulveda2015current,
  title={Current mathematical models for analyzing anti-malarial antibody data with an eye to malaria elimination and eradication},
  author={Sep{\'u}lveda, Nuno and Stresman, Gillian and White, Michael and Drakeley, Chris},
  journal={Journal of Immunology Research},
  volume={2015},
  year={2015},
  pages={1--21},
  publisher={Hindawi}
}

@article{sepulveda2017malaria,
  title={Malaria Host Candidate Genes Validated by Association With Current, Recent, and Historical Measures of Transmission Intensity},
  author={Sep{\'u}lveda, Nuno and Manjurano, Alphaxard and Campino, Susana and Lemnge, Martha and Lusingu, John and Olomi, Raimos and Rockett, Kirk and Hubbart, Christina and Jeffreys, Anna and Rowlands, Kate and Clark, T. and Riley, E. and Drakeley, C.},
  journal={The Journal of Infectious Diseases},
  volume={216},
  number={1},
  pages={45--54},
  year={2017},
  publisher={Oxford University Press US}
}

@article{sepulveda2015sample,
  title={Sample size determination for estimating antibody seroconversion rate under stable malaria transmission intensity},
  author={Sep{\'u}lveda, Nuno and Drakeley, Chris},
  journal={Malaria Journal},
  volume={14},
  number={1},
  pages={141},
  year={2015},
  publisher={BioMed Central}
}

@article{sepulveda2015samplesizeSCR,
  title={Sample size and power calculations for detecting changes in malaria transmission using antibody seroconversion rate},
  author={Sep{\'u}lveda, Nuno and Paulino, Carlos Daniel and Drakeley, Chris},
  journal={Malaria Journal},
  volume={14},
  number={1},
  pages={529},
  year={2015},
  publisher={BioMed Central}
}

@article{shelton2015genetic,
  title={Genetic determinants of anti-malarial acquired immunity in a large multi-centre study},
  author={Shelton, Jennifer and Corran, Patrick and Risley, Paul and Silva, Nilupa and Hubbart, Christina and Jeffreys, Anna and Rowlands, Kate and Craik, Rachel and Cornelius, Victoria and Hensmann, Meike and others},
  journal={Malaria Journal},
  volume={14},
  number={1},
  pages={333},
  year={2015},
  publisher={BioMed Central}
}

@book{sherman2011reflections,
  title={Reflections on a century of malaria biochemistry},
  author={Sherman, Irwin},
  volume={67},
  year={2011},
  publisher={Academic Press}
}

@article{shukla2011spleen,
  title={Spleen rates and infant parasite rates as surveillance tool for malaria control in remote hard to reach areas of central India},
  author={Shukla, Manmohan and Singh, Neeru and Singh, Mrigendra P},
  journal={Malaria Journal},
  volume={10},
  number={1},
  pages={381},
  year={2011},
  publisher={BioMed Central}
}

@article{sicuri2013economic,
  title={The economic costs of malaria in children in three sub-Saharan countries: Ghana, Tanzania and Kenya},
  author={Sicuri, Elisa and Vieta, Ana and Lindner, Leandro and Constenla, Dagna and Sauboin, Christophe},
  journal={Malaria Journal},
  volume={12},
  number={1},
  pages={307},
  year={2013},
  publisher={BioMed Central}
}

@article{smith2009endemicity,
  title={Endemicity response timelines for \textit{Plasmodium falciparum} elimination},
  author={Smith, David L and Hay, Simon I},
  journal={Malaria Journal},
  volume={8},
  number={1},
  pages={87},
  year={2009},
  publisher={BioMed Central}
}

@article{snow1993periodicity,
  title={Periodicity and space-time clustering of severe childhood malaria on the coast of Kenya},
  author={Snow, RW and Schellenberg, JRM Armstrong and Peshu, N and Forster, D and Newton, CRJC and Winstanley, PA and Mwangi, I and Waruiru, C and Warn, PA and Newbold, C and others},
  journal={Transactions of the Royal Society of tropical medicine and hygiene},
  volume={87},
  number={4},
  pages={386--390},
  year={1993},
  publisher={Elsevier}
}

@article{snow1995will,
  title={Will reducing \textit{Plasmodium falciparum} transmission alter malaria mortality among African children?},
  author={Snow, Robert W and Marsh, Kevin},
  journal={Parasitology today},
  volume={11},
  number={5},
  pages={188--190},
  year={1995},
  publisher={Elsevier}
}

@article{snow1999estimating,
  title={Estimating mortality, morbidity and disability due to malaria among Africa's non-pregnant population.},
  author={Snow, Robert W and Craig, Marlies and Deichmann, Uwe and Marsh, Karen},
  journal={Bulletin of the World Health Organization},
  volume={77},
  number={8},
  pages={624},
  year={1999},
  publisher={World Health Organization}
}

@article{snow2002consequences,
    title = {The consequences of reducing transmission of \textit{Plasmodium falciparum} in Africa},
    author={Snow, Robert and Marsh, Kevin},
    journal={Advances in Parasitology},
    pages = {235--264},
    year = {2002},
    volume={52},
    publisher={Elsevier}
}

@book{sompayrac2015immune,
  title={How the immune system works},
  author={Sompayrac, Lauren M},
  year={2015},
  publisher={John Wiley \& Sons}
}

@article{stuckey2012simulation,
  title={Simulation of malaria epidemiology and control in the highlands of western Kenya},
  author={Stuckey, Erin M and Stevenson, Jennifer C and Cooke, Mary K and Owaga, Chrispin and Marube, Elizabeth and Oando, George and Hardy, Diggory and Drakeley, Chris and Smith, Thomas A and Cox, Jonathan and others},
  journal={Malaria Journal},
  volume={11},
  number={1},
  pages={357},
  year={2012},
  publisher={BioMed Central}
}

@article{stresman2012malaria,
  title={Malaria research challenges in low prevalence settings},
  author={Stresman, Gillian and Kobayashi, Tamaki and Kamanga, Aniset and Thuma, Philip and Mharakurwa, Sungano and Moss, William and Shiff, Clive},
  journal={Malaria Journal},
  volume={11},
  number={1},
  pages={353},
  year={2012},
  publisher={BioMed Central}
}

@article{stewart2009rapid,
  title={Rapid assessment of malaria transmission using age-specific sero-conversion rates},
  author={Stewart, Laveta and Gosling, Roly and Griffin, Jamie and Gesase, Samwel and Campo, Joseph and Hashim, Ramadan and Masika, Paul and Mosha, Jacklin and Bousema, Teun and Shekalaghe, Seif and Cook, Jackie and Corran, Patrick and Ghani, Azra and Riley, Eleanor and Drakeley, Chris and Beeson, James},
  journal={PLoS ONE},
  volume={4},
  number={6},
  pages={e6083},
  year={2009},
  publisher={Public Library of Science}
}

@article{struik2004does,
  title={Does malaria suffer from lack of memory?},
  author={Struik, Siske S and Riley, Eleanor M},
  journal={Immunological reviews},
  volume={201},
  number={1},
  pages={268--290},
  year={2004},
  publisher={Wiley Online Library}
}

@article{supargiyono2013seasonal,
  title={Seasonal changes in the antibody responses against \textit{Plasmodium falciparum} merozoite surface antigens in areas of differing malaria endemicity in Indonesia},
  author={Supargiyono, Supargiyono and Bretscher, Michael T and Wijayanti, Mahardika A and Sutanto, Inge and Nugraheni, Dian and Rozqie, Royhan and Kosasih, Ayleen A and Sulistyawati, Sulistyawati and Hawley, William A and Lobo, Neil F and others},
  journal={Malaria Journal},
  volume={12},
  number={1},
  pages={444},
  year={2013},
  publisher={BioMed Central}
}



%%%%%%%%%%%%%%% T %%%%%%%%%%%%%%%

@article{tanser2003potential,
  title={Potential effect of climate change on malaria transmission in Africa},
  author={Tanser, Frank C and Sharp, Brian and Le Sueur, David},
  journal={The Lancet},
  volume={362},
  number={9398},
  pages={1792--1798},
  year={2003},
  publisher={Elsevier}
}

@article{trape1996combating,
  title={Combating malaria morbidity and mortality by reducing transmission},
  author={Trape, Jean-Fran{\c{c}}ois and Rogier, Christophe},
  journal={Parasitology today},
  volume={12},
  number={6},
  pages={236--240},
  year={1996},
  publisher={Elsevier}
}



%%%%%%%%%%%%%%% U %%%%%%%%%%%%%%%



%%%%%%%%%%%%%%% V %%%%%%%%%%%%%%%

@article{van2015serology,
  title={Serology describes a profile of declining malaria transmission in Farafenni, The Gambia},
  author={van den Hoogen, Lotus and Griffin, Jamie and Cook, Jackie and Sepúlveda, Nuno and Corran, Patrick and Conway, David and Milligan, Paul and Affara, Muna and Allen, Stephen and Proietti, Carla and Ceesay, Serign and Targett, Geoffrey and D’Alessandro, Umberto and Greenwood, Brian and Riley, Eleanor and Drakeley, Chris},
  journal={Malaria Journal},
  volume={14},
  number={1},
  pages={416},
  year={2015},
  publisher={BioMed Central}
}

@article{vinh2015statistical,
  title={Statistical identifiability and sample size calculations for serial seroepidemiology},
  author={Vinh, Dao Nguyen and Boni, Maciej F},
  journal={Epidemics},
  volume={12},
  pages={30--39},
  year={2015},
  publisher={Elsevier}
}

@article{vitoria2009global,
  title={The Global Fight Against HIV/AIDS, Tuberculosis, and Malaria: Current Status and Future Perspectives},
  author={Vitoria, Marco and Granich, Reuben and Gilks, Charles and Gunneberg, Christian and Hosseini, Mehran and Were, Wilson and Raviglione, Mario and De Cock, Kevin},
  journal={American Journal of Clinical Pathology},
  volume={131},
  number={6},
  pages={844--848},
  year={2009},
  publisher={Oxford University Press}
}



%%%%%%%%%%%%%%% W %%%%%%%%%%%%%%%

@book{warrell2002essential,
    title={Essential malariology},
    edition = {4th},
    author={Warrell, David and Gilles, Herbert},
    publisher={CRC Press},
    year={2002}
}

@article{who2017framework,
  title={A framework for malaria elimination},
  author={{Geneva: World Health Organization}},
  year={2017},
  publisher={World Health Organization},
  license={CC BY-NY-SA 3.0 IGO}
}

@article{worldbank2017,
  Title = {Combined Project Information Document/Integrated Safeguards Data Sheet},
  Author = {{The World Bank,}},
  Date = {2017-23-04},
  Institution = {Development Support for Tanzania Statistics},
  Type = {Annual report},
  Year = {2017},
  Location = {Tanzania},
  Number = {A/HRC/27/37},
  Version = {2014-06-30}
}

@article{world2015global,
  title={Global technical strategy for malaria 2016-2030},
  author={{Geneva: World Health Organization}},
  year={2015},
  publisher={World Health Organization}
}

@book{who2015guidelines,
  title={Guidelines for the treatment of malaria},
  author={{World Health Organization}},
  year={2015},
  publisher={World Health Organization},
  url={http://apps.who.int/iris/bitstream/handle/10665/162441/9789241549127_eng.pdf;jsessionid=14C73884C999B59CC2FD8C9088A63CCA?sequence=1},
  edition={3rd}
}

@article{world2016terminology,
  title={WHO malaria terminology},
  author={{World Health Organization}},
  year={2016},
  publisher={World Health Organization}
}

@article{who2017world,
    title={World malaria report 2017},
    author={{Geneva: World Health Organization}},
    publisher={World Health Organization},
    licence={CC BY-NC-SA 3.0 IGO}
    year={2017},
    url={http://apps.who.int/iris/bitstream/handle/10665/259492/9789241565523-eng.pdf;jsessionid=57BD91BF41EB68C1D601FD7B16C552DE?sequence=1}
}

@article{williams1994maximum,
  title={Maximum likelihood for parasitologists},
  author={Williams, B and Dye, C},
  journal={Parasitology Today},
  volume={10},
  number={12},
  pages={489--493},
  year={1994},
  publisher={Elsevier}
}

@article{wilson1969antigens,
  title={Antigens associated with \textit{Plasmodium falciparum} infections in man},
  author={Wilson, RJM and McGregor, IA and Williams, K and Hall, P and Bartholomew, R},
  journal={The Lancet},
  volume={294},
  number={7613},
  pages={201--205},
  year={1969},
  publisher={Elsevier}
}

@article{winskill2011malaria,
  title={Malaria risk factors in north-east Tanzania},
  author={Winskill, Peter and Rowland, Mark and Mtove, George and Malima, Robert C and Kirby, Matthew J},
  journal={Malaria Journal},
  volume={10},
  number={1},
  pages={98},
  year={2011},
  publisher={BioMed Central}
}

@article{wong2014serological,
  title={Serological markers for monitoring historical changes in malaria transmission intensity in a highly endemic region of Western Kenya, 1994--2009},
  author={Wong, Jacklyn and Hamel, Mary and Drakeley, Chris and Kariuki, Simon and Shi, Ya Ping and Lal, Altaf and Nahlen, Bernard and Bloland, Peter and Lindblade, Kim and Were, Vincent and Otieno, K. and Otieno, P. and Odero, C. and Slutsker, L. and Vulule, J. and Gimnig, J.},
  journal={Malaria Journal},
  volume={13},
  number={1},
  pages={451},
  year={2014},
  publisher={BioMed Central}
}

@article{world2013epidemiological,
  title={An Epidemiological Profile of Malaria and its Control in Mainland Tanzania},
  author={{World Heath Organization}},
  year={2013},
  note={Report funded by Roll Back Malaria and Department for International Development--UK, July 2013},
  publisher={unspecified}
}

@article{wu2015comparison,
  title={Comparison of diagnostics for the detection of asymptomatic \textit{Plasmodium falciparum} infections to inform control and elimination strategies},
  author={Wu, Lindsey and van den Hoogen, Lotus L and Slater, Hannah and Walker, Patrick GT and Ghani, Azra C and Drakeley, Chris J and Okell, Lucy C},
  journal={Nature},
  volume={528},
  number={7580},
  pages={S86},
  year={2015},
  publisher={Nature Publishing Group}
}



%%%%%%%%%%%%%%% X %%%%%%%%%%%%%%%



%%%%%%%%%%%%%%% Y %%%%%%%%%%%%%%%

@article{yman2016antibody,
  title={Antibody acquisition models: a new tool for serological surveillance of malaria transmission intensity},
  author={Yman, Victor and White, Michael and Rono, Josea and Arc{\`a}, Bruno and Osier, Faith and Troye-Blomberg, Marita and Bostr{\"o}m, St{\'e}phanie and Ronca, Raffaele and Rooth, Ingegerd and F{\"a}rnert, Anna},
  journal={Scientific Reports},
  volume={6},
  pages={19472},
  year={2016},
  publisher={Nature Publishing Group}
}



%%%%%%%%%%%%%%% Z %%%%%%%%%%%%%%%


